<?xml version="1.0" encoding="UTF-8"?><collection xmlns="http://www.loc.gov/MARC21/slim"><record><leader>00506nam--2200193-u-4500</leader><controlfield tag="001">000055210</controlfield><controlfield tag="002">20161230</controlfield><controlfield tag="005">20161230201052</controlfield><controlfield tag="008">121126s1000------------r-----000-0-rus-d</controlfield><datafield ind1=" " ind2=" " tag="040"><subfield code="a">IFIN-HH</subfield></datafield><datafield ind1=" " ind2=" " tag="041"><subfield code="a">rus</subfield></datafield><datafield ind1=" " ind2=" " tag="080"><subfield code="a">539.893</subfield></datafield><datafield ind1="1" ind2=" " tag="100"><subfield code="a">Kalinina, V.A</subfield></datafield><datafield ind1="1" ind2="0" tag="245"><subfield code="a">Dinamiceskie issledovania tverdih tel pri visokih davleniah</subfield><subfield code="h">V.a. kalinina</subfield></datafield><datafield ind1=" " ind2=" " tag="260"><subfield code="a">Moskva</subfield><subfield code="b">Mir</subfield><subfield code="c">1965</subfield></datafield><datafield ind1=" " ind2=" " tag="300"><subfield code="a">235P</subfield></datafield><datafield ind1=" " ind2=" " tag="490"><subfield code="a">Problemi Astronomii Geofiziki</subfield></datafield><datafield ind1=" " ind2=" " tag="852"><subfield code="a">75230</subfield><subfield code="c">539.2</subfield></datafield><datafield ind1=" " ind2=" " tag="CAT"><subfield code="a">Sys</subfield><subfield code="c">20121126</subfield><subfield code="h">101057</subfield></datafield></record></collection>